%% This BibTeX bibliography file was created using BibDesk.
%% http://bibdesk.sourceforge.net/

%% Created for Xiuyu Ma at 2018-05-28 00:13:29 -0500 


%% Saved with string encoding Unicode (UTF-8) 



@article{immune,
	Author = {Papalexi, Efthymia and Satija, Rahul},
	Date = {2017/08/07/online},
	Date-Added = {2018-05-28 05:13:04 +0000},
	Date-Modified = {2018-05-28 05:13:12 +0000},
	Day = {07},
	Journal = {Nature Reviews Immunology},
	L3 = {10.1038/nri.2017.76; },
	M3 = {Review Article},
	Month = {08},
	Pages = {35 EP  -},
	Publisher = {Nature Publishing Group, a division of Macmillan Publishers Limited. All Rights Reserved. SN  -},
	Title = {Single-cell RNA sequencing to explore immune cell heterogeneity},
	Ty = {JOUR},
	Url = {http://dx.doi.org/10.1038/nri.2017.76},
	Volume = {18},
	Year = {2017},
	Bdsk-Url-1 = {http://dx.doi.org/10.1038/nri.2017.76}}
